@online{site:ggplot,
    url="https://statisticsglobe.com/plot-line-in-r-graph-chart",
    author="Joachim Schork",
    title="Plot Line in R (8 Examples)"
}

@online{HeartDiseaseCleveland,
    url="https://archive.ics.uci.edu/dataset/45/heart+disease",
    title="Cleveland Heart Disease",
    urldate = {2024-11-24}
}
@online{HeartDiseaseKaggle,
    url="https://www.kaggle.com/datasets/cherngs/heart-disease-cleveland-uci",
    title="Heart Disease kaggle",
    urldate = {2024-11-24}
}
@online{StandardScaler,
    url="https://scikit-learn.org/dev/modules/generated/sklearn.preprocessing.StandardScaler.html",
    title="StandardScaler sklearn",
    urldate = {2024-11-24}
}

@online{RandomizedSearchCV,
    url="https://scikit-learn.org/1.5/modules/generated/sklearn.model_selection.RandomizedSearchCV.html",
    title="RandomizedSearchCV sklearn",
    urldate = {2024-11-24}
}


@article{ogunpola2024machine,
  title={Machine Learning-Based Predictive Models for Detection of Cardiovascular Diseases},
  author={Ogunpola, Adedayo and Saeed, Faisal and Basurra, Shadi and Albarrak, Abdullah M. and Qasem, Sultan Noman},
  journal={Diagnostics (Basel)},
  volume={14},
  number={2},
  pages={144},
  year={2024},
  doi={10.3390/diagnostics14020144},
  pmid={38248021},
  pmcid={PMC10813849},
  url={https://doi.org/10.3390/diagnostics14020144}
}

@online{dummyVariables,
    author = "Zach",
    url="https://www.statology.org/dummy-variables-regression/",
    title="How to Use Dummy Variables in Regression Analysis",
    urldate = {2022-06-18}
}

@online{weak_cor,
    author = "Deborah J. Rumsey",
    url="https://www.dummies.com/article/academics-the-arts/math/statistics/how-to-interpret-a-correlation-coefficient-r-169792/",
    title="How to Interpret a Correlation Coefficient r",
    urldate = {2022-06-18}
}

